@unpublished{transboost,
title={Transfer Learning by boosting projections from the target domain to the source domain},
author={Cornuejols, A. and Akkoyunlu, S. and Murena, P.A. and Olivier, R.}
}
@article{boosting,
  title={A Decision-Theoretic Generalization of On-Line Learning and an Application to Boosting},
  author={Yoav Freund and Robert E. Schapire},
  journal={Journal of computer and system sciences},
  volume={55},
  pages={119--139},
  year={1997}
}

@misc{ keras,
title={Building powerful image classification models using very little data},
author={Chollet, Francois},
year={2016},
url={\href{https://blog.keras.io/building-powerful-image-classification-models-using-very-little-data.html}}}
}
